@article{1,
  title={HTML},
  author={Wikipédia},
  year={2023},
  journal={\url{https://hu.wikipedia.org/wiki/HTML}}
}

@article{2,
  title={JavaScript},
  author={Wikipédia},
  year={2023},
  journal={\url{https://en.wikipedia.org/wiki/JavaScript}}
}

@article{3,
  title={CSS},
  author={Wikipédia},
  year={2023},
  journal={\url{https://hu.wikipedia.org/wiki/CSS}}
}

@article{4,
  title={CSS Keretrendszer},
  author={Wikipédia},
  year={2023},
  journal={\url{https://szakembereknek.schonherzbazis.hu/cikkek/a-10-legjobb-css-keretrendszer-webdizjnhoz}}
}

@article{5,
  title={Introduction to Angular concepts},
  author={Angular},
  year={2023},
  journal={\url{https://angular.io/guide/architecture}}
}


@article{6,
  title={Introduction to TypeScript},
  author={freecodecamp},
  year={2023},
  journal={\url{https://www.freecodecamp.org/news/an-introduction-to-typescript/}}
}

@article{7,
  title={Introduction to NodeJS 1},
  author={tutorialspoint},
  year={2023},
  journal={\url{https://www.tutorialspoint.com/nodejs/nodejs_introduction.htm}}
}

@article{8,
  title={Introduction to NodeJS 2},
  author={NodeJs},
  year={2022},
  journal={\url{https://nodejs.dev/en/learn/introduction-to-nodejs/}}
}

@article{9,
  title={Introduction to NodeJS 3},
  author={geelforgeeks},
  year={2023},
  journal={\url{https://www.geeksforgeeks.org/introduction-to-node-js/}}
}

@article{10,
  title={Adatbázist_kezelő rendszerek},
  author={Wikipédia},
  year={2023},
  journal={\url{https://hu.wikipedia.org/wiki/Adatb\%C3\%A1zis-kezel\%C5\%91_rendszer}}
}

@article{11,
  title={SQL},
  author={Wikipédia},
  year={2023},
  journal={\url{https://hu.wikipedia.org/wiki/SQL}}
}

@article{12,
  title={NoSQL},
  author={Wikipédia},
  year={2023},
  journal={\url{https://hu.wikipedia.org/wiki/NoSQL}}
}

@article{13,
  title={MongoDB},
  author={geeksforgeeks},
  year={2023},
  journal={\url{https://www.geeksforgeeks.org/mongodb-an-introduction/}}
}

@article{14,
  title={JSON and BSON},
  author={mongodb},
  year={2023},
  journal={\url{https://www.mongodb.com/json-and-bson}}
}

@article{15,
  title={Verziókezelés},
  author={Wikipédia},
  year={2023},
  journal={\url{https://hu.wikipedia.org/wiki/Verzi\%C3\%B3kezel\%C3\%A9s}}
}

@article{16,
  title={Introduction to github(hello world)},
  author={github},
  year={2023},
  journal={\url{https://docs.github.com/en/get-started/quickstart/hello-world}}
}

@article{17,
  title={Postman},
  author={Wikipédia},
  year={2023},
  journal={\url{https://en.wikipedia.org/wiki/Postman_(software)}}
}

@article{18,
  title={Introduction to Postman},
  author={geeksforgeeks},
  year={2023},
  journal={\url{https://www.tutorialspoint.com/postman/postman_introduction.htm\#}}
}

@article{19,
  title={Documentation for Visual Studio Code},
  author={Visual Studio},
  year={2023},
  journal={\url{https://code.visualstudio.com/docs}}
}

@article{20,
  title={2020.10 covid and ecommerce},
  author={IPC},
  year={2023},
  journal={\url{https://www.ipc.be/services/markets-and-regulations/e-commerce-market-insights/e-commerce-articles/2020-10-covid-and-ecommerce}}
}

@article{21,
  title={Dropshipping},
  author={Balázs Máte},
  year={2023},
  journal={\url{https://matebalazs.hu/dropshipping.html}}
}

@article{22,
  title={Dropshipping Picture},
  author={features},
  year={2023},
  journal={\url{https://features.hu/dropshipping/}}
}

@article{23,
  title={Weboldal tesztelési eljárások – teljes útmutató},
  author={Tusnádi István},
  year={2023},
  journal={\url{https://www.tutorial.hu/weboldal-keszites/weboldal-tesztelesi-eljarasok-teljes-utmutato/}}
}
